
@article{DBLP:journals/sncs/BaiardiBCP24,
  author    = {Martina Baiardi and
               Samuele Burattini and
               Giovanni Ciatto and
               Danilo Pianini},
  title     = {Blending {BDI} Agents with Object-Oriented and Functional Programming
               with JaKtA},
  journal   = {{SN} Comput. Sci.},
  volume    = {5},
  number    = {8},
  pages     = {1003},
  year      = {2024},
  doi       = {10.1007/S42979-024-03244-Y},
  timestamp = {Sat, 25 Jan 2025 00:00:00 +0100},
  biburl    = {https://dblp.org/rec/journals/sncs/BaiardiBCP24.bib},
  bibsource = {dblp computer science bibliography, https://dblp.org}
}

@inproceedings{DBLP:conf/acsos/PianiniBBC24,
  author    = {Danilo Pianini and
               Martina Baiardi and
               Samuele Burattini and
               Giovanni Ciatto},
  title     = {Multi-Paradigm Integration for the {BDI} Resurgence},
  booktitle = {{IEEE} International Conference on Autonomic Computing and Self-Organizing
               Systems, {ACSOS} 2024 - Companion, Aarhus, Denmark, September 16-20,
               2024},
  pages     = {27--28},
  publisher = {{IEEE}},
  year      = {2024},
  doi       = {10.1109/ACSOS-C63493.2024.00025},
  timestamp = {Fri, 13 Dec 2024 14:21:55 +0100},
  biburl    = {https://dblp.org/rec/conf/acsos/PianiniBBC24.bib},
  bibsource = {dblp computer science bibliography, https://dblp.org}
}

@inproceedings{DBLP:conf/atal/BaiardiBCPOR24,
  author    = {Martina Baiardi and
               Samuele Burattini and
               Giovanni Ciatto and
               Danilo Pianini and
               Andrea Omicini and
               Alessandro Ricci},
  editor    = {Mehdi Dastani and
               Jaime Sim{\~{a}}o Sichman and
               Natasha Alechina and
               Virginia Dignum},
  title     = {Concurrency Model of {BDI} Programming Frameworks: Why Should We Control
               It?},
  booktitle = {Proceedings of the 23rd International Conference on Autonomous Agents
               and Multiagent Systems, {AAMAS} 2024, Auckland, New Zealand, May 6-10,
               2024},
  pages     = {2147--2149},
  publisher = {International Foundation for Autonomous Agents and Multiagent Systems
               / {ACM}},
  year      = {2024},
  doi       = {10.5555/3635637.3663089},
  timestamp = {Wed, 26 Jun 2024 14:06:50 +0200},
  biburl    = {https://dblp.org/rec/conf/atal/BaiardiBCPOR24.bib},
  bibsource = {dblp computer science bibliography, https://dblp.org}
}

@inproceedings{DBLP:conf/atal/Ricci0ZBC24,
  author    = {Alessandro Ricci and
               Stefano Mariani and
               Franco Zambonelli and
               Samuele Burattini and
               Cristiano Castelfranchi},
  editor    = {Mehdi Dastani and
               Jaime Sim{\~{a}}o Sichman and
               Natasha Alechina and
               Virginia Dignum},
  title     = {The Cognitive Hourglass: Agent Abstractions in the Large Models Era},
  booktitle = {Proceedings of the 23rd International Conference on Autonomous Agents
               and Multiagent Systems, {AAMAS} 2024, Auckland, New Zealand, May 6-10,
               2024},
  pages     = {2706--2711},
  publisher = {International Foundation for Autonomous Agents and Multiagent Systems
               / {ACM}},
  year      = {2024},
  doi       = {10.5555/3635637.3663262},
  timestamp = {Fri, 03 May 2024 01:00:00 +0200},
  biburl    = {https://dblp.org/rec/conf/atal/Ricci0ZBC24.bib},
  bibsource = {dblp computer science bibliography, https://dblp.org}
}

@inproceedings{DBLP:conf/emas/BaiardiBCPRO24,
  author    = {Martina Baiardi and
               Samuele Burattini and
               Giovanni Ciatto and
               Danilo Pianini and
               Alessandro Ricci and
               Andrea Omicini},
  editor    = {Daniela Briola and
               Rafael C. Cardoso and
               Brian Logan},
  title     = {On the External Concurrency of Current {BDI} Frameworks for {MAS}},
  booktitle = {Engineering Multi-Agent Systems - 12th International Workshop, {EMAS}
               2024, Auckland, New Zealand, May 6-7, 2024, Revised Selected Papers},
  series    = {Lecture Notes in Computer Science},
  volume    = {15152},
  pages     = {42--63},
  publisher = {Springer},
  year      = {2024},
  doi       = {10.1007/978-3-031-71152-7\_3},
  timestamp = {Sat, 30 Nov 2024 00:00:00 +0100},
  biburl    = {https://dblp.org/rec/conf/emas/BaiardiBCPRO24.bib},
  bibsource = {dblp computer science bibliography, https://dblp.org}
}

@inproceedings{DBLP:conf/emas/RicciBCC24,
  author    = {Alessandro Ricci and
               Samuele Burattini and
               Andrei Ciortea and
               Matteo Castellucci},
  editor    = {Daniela Briola and
               Rafael C. Cardoso and
               Brian Logan},
  title     = {Agents for {DDD} - Back and Forth},
  booktitle = {Engineering Multi-Agent Systems - 12th International Workshop, {EMAS}
               2024, Auckland, New Zealand, May 6-7, 2024, Revised Selected Papers},
  series    = {Lecture Notes in Computer Science},
  volume    = {15152},
  pages     = {175--188},
  publisher = {Springer},
  year      = {2024},
  doi       = {10.1007/978-3-031-71152-7\_11},
  timestamp = {Thu, 31 Oct 2024 00:00:00 +0100},
  biburl    = {https://dblp.org/rec/conf/emas/RicciBCC24.bib},
  bibsource = {dblp computer science bibliography, https://dblp.org}
}

@inproceedings{DBLP:conf/icccn/BarboneBMPRV24,
  author    = {Antonello Barbone and
               Samuele Burattini and
               Matteo Martinelli and
               Marco Picone and
               Alessandro Ricci and
               Antonio Virdis},
  title     = {Digital Twin Continuum: a Key Enabler for Pervasive Cyber-Physical
               Environments},
  booktitle = {33rd International Conference on Computer Communications and Networks,
               {ICCCN} 2024, Kailua-Kona, HI, USA, July 29-31, 2024},
  pages     = {1--9},
  publisher = {{IEEE}},
  year      = {2024},
  doi       = {10.1109/ICCCN61486.2024.10637565},
  timestamp = {Tue, 10 Sep 2024 15:34:17 +0200},
  biburl    = {https://dblp.org/rec/conf/icccn/BarboneBMPRV24.bib},
  bibsource = {dblp computer science bibliography, https://dblp.org}
}

@inproceedings{DBLP:conf/models/BurattiniZPR24,
  author    = {Samuele Burattini and
               Antoine Zimmermann and
               Marco Picone and
               Alessandro Ricci},
  editor    = {Manuel Wimmer and
               Alexander Egyed and
               Beno{\^i}t Combemale and
               Marsha Chechik},
  title     = {Towards Linked Data for Ecosystems of Digital Twins},
  booktitle = {Proceedings of the {ACM/IEEE} 27th International Conference on Model
               Driven Engineering Languages and Systems, {MODELS} Companion 2024,
               Linz, Austria, September 22-27, 2024},
  pages     = {332--337},
  publisher = {{ACM}},
  year      = {2024},
  doi       = {10.1145/3652620.3688245},
  timestamp = {Wed, 06 Nov 2024 00:00:00 +0100},
  biburl    = {https://dblp.org/rec/conf/models/BurattiniZPR24.bib},
  bibsource = {dblp computer science bibliography, https://dblp.org}
}

@inproceedings{DBLP:conf/models/GiulianelliBCR24,
  author    = {Andrea Giulianelli and
               Samuele Burattini and
               Andrei Ciortea and
               Alessandro Ricci},
  editor    = {Manuel Wimmer and
               Alexander Egyed and
               Beno{\^i}t Combemale and
               Marsha Chechik},
  title     = {Engineering Interoperable Ecosystems of Digital Twins: {A} Web-based
               Approach},
  booktitle = {Proceedings of the {ACM/IEEE} 27th International Conference on Model
               Driven Engineering Languages and Systems, {MODELS} Companion 2024,
               Linz, Austria, September 22-27, 2024},
  pages     = {476--485},
  publisher = {{ACM}},
  year      = {2024},
  doi       = {10.1145/3652620.3688263},
  timestamp = {Sun, 19 Jan 2025 00:00:00 +0100},
  biburl    = {https://dblp.org/rec/conf/models/GiulianelliBCR24.bib},
  bibsource = {dblp computer science bibliography, https://dblp.org}
}

@inproceedings{DBLP:conf/percom/BurattiniMGGVZCR24,
  author    = {Samuele Burattini and
               Sara Montagna and
               Nicola Gentili and
               Francesca Galardi and
               Roberto Vespignani and
               Paolo Zanatto and
               Angelo Croatti and
               Alessandro Ricci},
  title     = {A Digital Twins Approach for Oncologic Pharmaceutical Supply Chain},
  booktitle = {{IEEE} International Conference on Pervasive Computing and Communications
               Workshops and other Affiliated Events, PerCom 2024 - Workshops, Biarritz,
               France, March 11-15, 2024},
  pages     = {94--99},
  publisher = {{IEEE}},
  year      = {2024},
  doi       = {10.1109/PERCOMWORKSHOPS59983.2024.10502569},
  timestamp = {Sun, 04 Aug 2024 01:00:00 +0200},
  biburl    = {https://dblp.org/rec/conf/percom/BurattiniMGGVZCR24.bib},
  bibsource = {dblp computer science bibliography, https://dblp.org}
}

@inproceedings{DBLP:conf/atal/LemeeBMC23,
  author    = {J{\'{e}}r{\'{e}}my Lem{\'{e}}e and
               Samuele Burattini and
               Simon Mayer and
               Andrei Ciortea},
  editor    = {Noa Agmon and
               Bo An and
               Alessandro Ricci and
               William Yeoh},
  title     = {Domain-Expert Configuration of Hypermedia Multi-Agent Systems in Industrial
               Use Cases},
  booktitle = {Proceedings of the 2023 International Conference on Autonomous Agents
               and Multiagent Systems, {AAMAS} 2023, London, United Kingdom, 29 May
               2023 - 2 June 2023},
  pages     = {2499--2501},
  publisher = {{ACM}},
  year      = {2023},
  doi       = {10.5555/3545946.3598981},
  timestamp = {Tue, 23 May 2023 14:27:14 +0200},
  biburl    = {https://dblp.org/rec/conf/atal/LemeeBMC23.bib},
  bibsource = {dblp computer science bibliography, https://dblp.org}
}

@inproceedings{DBLP:conf/cbms/BurattiniMCGRLPT23,
  author    = {Samuele Burattini and
               Sara Montagna and
               Angelo Croatti and
               Nicola Gentili and
               Alessandro Ricci and
               Laura Leonardi and
               Serafino Pandolfini and
               Sofia Tosi},
  editor    = {Jo{\~{a}}o Rafael Almeida and
               Myra Spiliopoulou and
               Jos{\'{e}} Alberto Ben{\'{\i}}tez{-}Andrades and
               Giuseppe Placidi and
               Alejandro Rodr{\'{\i}}guez Gonz{\'{a}}lez and
               Rosa Sicilia and
               Bridget Kane},
  title     = {An Ecosystem of Digital Twins for Operating Room Management},
  booktitle = {36th {IEEE} International Symposium on Computer-Based Medical Systems,
               {CBMS} 2023, L'Aquila, Italy, June 22-24, 2023},
  pages     = {770--775},
  publisher = {{IEEE}},
  year      = {2023},
  doi       = {10.1109/CBMS58004.2023.00317},
  timestamp = {Sun, 04 Aug 2024 01:00:00 +0200},
  biburl    = {https://dblp.org/rec/conf/cbms/BurattiniMCGRLPT23.bib},
  bibsource = {dblp computer science bibliography, https://dblp.org}
}

@inproceedings{DBLP:conf/emas/BurattiniCGR23,
  author    = {Samuele Burattini and
               Andrei Ciortea and
               Meshua Galassi and
               Alessandro Ricci},
  editor    = {Andrei Ciortea and
               Mehdi Dastani and
               Jieting Luo},
  title     = {Towards Framing the Agents {\&} Artifacts Conceptual Model at the
               Knowledge Level: First Ideas and Experiments},
  booktitle = {Engineering Multi-Agent Systems - 11th International Workshop, {EMAS}
               2023, London, UK, May 29-30, 2023, Revised Selected Papers},
  series    = {Lecture Notes in Computer Science},
  volume    = {14378},
  pages     = {208--219},
  publisher = {Springer},
  year      = {2023},
  doi       = {10.1007/978-3-031-48539-8\_14},
  timestamp = {Tue, 07 May 2024 01:00:00 +0200},
  biburl    = {https://dblp.org/rec/conf/emas/BurattiniCGR23.bib},
  bibsource = {dblp computer science bibliography, https://dblp.org}
}

@inproceedings{DBLP:conf/eumas/BaiardiBCP23,
  author    = {Martina Baiardi and
               Samuele Burattini and
               Giovanni Ciatto and
               Danilo Pianini},
  editor    = {Vadim Malvone and
               Aniello Murano},
  title     = {JaKtA: {BDI} Agent-Oriented Programming in Pure Kotlin},
  booktitle = {Multi-Agent Systems - 20th European Conference, {EUMAS} 2023, Naples,
               Italy, September 14-15, 2023, Proceedings},
  series    = {Lecture Notes in Computer Science},
  volume    = {14282},
  pages     = {49--65},
  publisher = {Springer},
  year      = {2023},
  doi       = {10.1007/978-3-031-43264-4\_4},
  timestamp = {Sat, 30 Sep 2023 01:00:00 +0200},
  biburl    = {https://dblp.org/rec/conf/eumas/BaiardiBCP23.bib},
  bibsource = {dblp computer science bibliography, https://dblp.org}
}

@inproceedings{DBLP:conf/eumas/Burattini23,
  author    = {Samuele Burattini},
  editor    = {Vadim Malvone and
               Aniello Murano},
  title     = {Supporting Adaptive Multi-Agent Systems with Digital Twins Environments},
  booktitle = {Multi-Agent Systems - 20th European Conference, {EUMAS} 2023, Naples,
               Italy, September 14-15, 2023, Proceedings},
  series    = {Lecture Notes in Computer Science},
  volume    = {14282},
  pages     = {445--451},
  publisher = {Springer},
  year      = {2023},
  doi       = {10.1007/978-3-031-43264-4\_30},
  timestamp = {Sun, 24 Sep 2023 01:00:00 +0200},
  biburl    = {https://dblp.org/rec/conf/eumas/Burattini23.bib},
  bibsource = {dblp computer science bibliography, https://dblp.org}
}

@inproceedings{DBLP:conf/woa/YanBHR23,
  author    = {Elena Yan and
               Samuele Burattini and
               Jomi Fred H{\"{u}}bner and
               Alessandro Ricci},
  editor    = {Rino Falcone and
               Cristiano Castelfranchi and
               Alessandro Sapienza and
               Filippo Cantucci},
  title     = {Towards a Multi-Level Explainability Framework for Engineering and
               Understanding {BDI} Agent Systems},
  booktitle = {Proceedings of the 24th Workshop "From Objects to Agents", Roma, Italy,
               November 6-8, 2023},
  series    = {{CEUR} Workshop Proceedings},
  volume    = {3579},
  pages     = {216--231},
  publisher = {CEUR-WS.org},
  year      = {2023},
  url       = {https://ceur-ws.org/Vol-3579/paper17.pdf},
  timestamp = {Thu, 14 Dec 2023 18:10:23 +0100},
  biburl    = {https://dblp.org/rec/conf/woa/YanBHR23.bib},
  bibsource = {dblp computer science bibliography, https://dblp.org}
}

@article{DBLP:journals/aamas/HubnerBRM25,
  author    = {Jomi Fred H{\"{u}}bner and
               Samuele Burattini and
               Alessandro Ricci and
               Simon Mayer},
  title     = {Reflexive anticipatory reasoning by {BDI} agents},
  journal   = {Auton. Agents Multi Agent Syst.},
  volume    = {39},
  number    = {1},
  pages     = {7},
  year      = {2025},
  doi       = {10.1007/S10458-025-09687-8},
  timestamp = {Thu, 27 Feb 2025 12:35:35 +0100},
  biburl    = {https://dblp.org/rec/journals/aamas/HubnerBRM25.bib},
  bibsource = {dblp computer science bibliography, https://dblp.org}
}


@article{DBLP:journals/aamas/YanBHR25,
  author    = {Elena Yan and
               Samuele Burattini and
               Jomi Fred H{\"{u}}bner and
               Alessandro Ricci},
  title     = {A multi-level explainability framework for engineering and understanding
               {BDI} agents},
  journal   = {Auton. Agents Multi Agent Syst.},
  volume    = {39},
  number    = {1},
  pages     = {9},
  year      = {2025},
  doi       = {10.1007/S10458-025-09689-6},
  timestamp = {Mon, 03 Mar 2025 21:25:19 +0100},
  biburl    = {https://dblp.org/rec/journals/aamas/YanBHR25.bib},
  bibsource = {dblp computer science bibliography, https://dblp.org}
}

@article{DBLP:journals/iot/BurattiniMMPR25,
  author    = {Samuele Burattini and
               Stefano Mariani and
               Sara Montagna and
               Marco Picone and
               Alessandro Ricci},
  title     = {Distributing intelligent functionalities in the Internet of Things
               with agents and Digital Twins},
  journal   = {Internet Things},
  volume    = {31},
  pages     = {101560},
  year      = {2025},
  doi       = {10.1016/J.IOT.2025.101560},
  timestamp = {Tue, 01 Apr 2025 19:01:41 +0200},
  biburl    = {https://dblp.org/rec/journals/iot/BurattiniMMPR25.bib},
  bibsource = {dblp computer science bibliography, https://dblp.org}
}

@inproceedings{DBLP:conf/icsa/PiconeMBBFBGR25,
  author    = {Marco Picone and
               Riccardo Morandi and
               Antonello Barbone and
               Samuele Burattini and
               Mattia Fogli and
               Nicola Bicocchi and
               Carlo Giannelli and
               Alessandro Ricci},
  title     = {Harmonizing Physical and Digital Twins Lifecycles},
  booktitle = {22nd {IEEE} International Conference on Software Architecture, {ICSA}
               - Companion, Odense, Denmark, March 31 - April 4, 2025},
  pages     = {197--204},
  publisher = {{IEEE}},
  year      = {2025},
  doi       = {10.1109/ICSA-C65153.2025.00039},
  timestamp = {Thu, 12 Jun 2025 13:20:19 +0200},
  biburl    = {https://dblp.org/rec/conf/icsa/PiconeMBBFBGR25.bib},
  bibsource = {dblp computer science bibliography, https://dblp.org}
}

@inproceedings{wesaac,
  author    = {Jomi H\"ubner and Samuele Burattini and Alessandro Ricci and Simon Mayer},
  title     = { Anticipatory Thinking in Multi-Agent Contexts},
  booktitle = {Anais do XIX Workshop-Escola de Sistemas de Agentes, seus Ambientes e Aplicações},
  location  = {Fortaleza/CE},
  year      = {2025},
  keywords  = {},
  issn      = {2326-5434},
  pages     = {1--12},
  publisher = {SBC},
  address   = {Porto Alegre, RS, Brasil},
  doi       = {10.5753/wesaac.2025.37525}
}


@article{RAMANATHAN2022217,
  title    = {Semantic Knowledge for Autonomous Smart Farming},
  journal  = {IFAC-PapersOnLine},
  volume   = {55},
  number   = {32},
  pages    = {217-222},
  year     = {2022},
  note     = {7th IFAC Conference on Sensing, Control and Automation Technologies for Agriculture AGRICONTROL 2022},
  issn     = {2405-8963},
  doi      = {https://doi.org/10.1016/j.ifacol.2022.11.142},
  author   = {Ganesh Ramanathan and Danai Vachtsevanou and Kimberly Garc{\'\i}a and J{\'e}r{\'e}my Lem{\'e}e and Samuele Burattini and Kenan Bektas and Simon Mayer},
  keywords = {smart farming, semantic data, multi-agent system}
}

@article{GIULIANELLI2025102275,
  title    = {HWoDT Framework: A toolchain to build interoperable Digital Twin Ecosystems},
  journal  = {SoftwareX},
  volume   = {31},
  pages    = {102275},
  year     = {2025},
  issn     = {2352-7110},
  doi      = {https://doi.org/10.1016/j.softx.2025.102275},
  author   = {Andrea Giulianelli and Samuele Burattini and Andrei Ciortea and Alessandro Ricci},
  keywords = {Digital Twin Ecosystems, Web architecture, Hypermedia, Interoperability}
}

%FROM SCHOLAR

@inproceedings{beaumont2025engineering,
  title        = {Engineering Inter-agent Explainability in BDI Agents},
  author       = {Beaumont, Katharine and Yan, Elena and Burattini, Samuele},
  booktitle    = {Explainable, Trustworthy, and Responsible AI and Multi-Agent Systems: 7th International Workshop, EXTRAAMAS 2025, Detroit, MI, USA, May 19--20, 2025, Revised Selected Papers},
  pages        = {147},
  year         = {2025},
  organization = {Springer Nature}
}

@inproceedings{11096247,
  author    = {Martinelli, Matteo and Barbone, Antonello and Morandi, Riccardo and Picone, Marco and Burattini, Samuele and Ricci, Alessandro},
  booktitle = {2025 21st International Conference on Distributed Computing in Smart Systems and the Internet of Things (DCOSS-IoT)},
  title     = {Modular Engineering of Industrial Digital Twins: The WLDT Approach},
  year      = {2025},
  volume    = {},
  number    = {},
  pages     = {451-458},
  keywords  = {Production systems;Smart cities;Ecosystems;Supply chains;Smart systems;Extensibility;Software;Real-time systems;Digital twins;Optimization;Digital Twins;Industrial Internet of Things,},
  doi       = {10.1109/DCOSS-IoT65416.2025.00077}
}


@inproceedings{11096160,
  author    = {Fogli, Mattia and Mazziotta, Gaia and Burattini, Samuele and Picone, Marco and Giannelli, Carlo and Stefanelli, Cesare},
  booktitle = {2025 21st International Conference on Distributed Computing in Smart Systems and the Internet of Things (DCOSS-IoT)},
  title     = {Cyber-Physical Interaction Engineering of Industrial Digital Twin Ecosystems},
  year      = {2025},
  volume    = {},
  number    = {},
  pages     = {420-427},
  keywords  = {Ecosystems;Collaboration;Smart systems;Digital twins;Distributed computing;Business;Software engineering;Industrial Internet of Things;cyber-physical interactions;digital twins;ecosystems;industrial internet of things;software engineering},
  doi       = {10.1109/DCOSS-IoT65416.2025.00073}
}


@inproceedings{11096178,
  author    = {Picone, Marco and Martinelli, Matteo and Burattini, Samuele and Giulianelli, Andrea and Ricci, Alessandro},
  booktitle = {2025 21st International Conference on Distributed Computing in Smart Systems and the Internet of Things (DCOSS-IoT)},
  title     = {The Two Faces of Interoperability: Bridging Cyber and Physical Spaces with Digital Twins},
  year      = {2025},
  volume    = {},
  number    = {},
  pages     = {1-8},
  keywords  = {Adaptation models;Technological innovation;Protocols;Software architecture;Soft sensors;Semantics;Smart systems;Digital twins;Interoperability;Standards;Digital Twins;Industrial Internet of Things;Cyber-Physical Systems;Interoperability},
  doi       = {10.1109/DCOSS-IoT65416.2025.00078}
}



%NOT PUBLISHED YET

@unpublished{giulianelli2025fgcs,
  title   = {Hypermedia-Based Digital Twin Ecosystems: A Proposal for Digital Twin Interoperability},
  journal = {Future Generation Computer Systems},
  author  = {Andrea Giulianelli and
             Samuele Burattini and
             Andrei Ciortea and
             Alessandro Ricci},
  year    = {\textit{Submitted}},
  note    = {\textit{In Revision}}
}

@unpublished{ciatto2025generative,
  title     = {Exploiting GenAI for Plan Generation in BDI Agents},
  author    = {Giovanni Ciatto and Gianluca Aguzzi and Riccardo Battistini and Martina Baiardi and Samuele Burattini and Alessandro Ricci},
  booktitle = {ECAI 2025},
  year      = {2025},
  publisher = {IOS Press},
  note      = {\textit{Accepted}},
  url       = {https://ecai2025.org/accepted-papers/#main_track_accepted_papers}
}


@unpublished{ricci2025concpeptual,
  author    = {Alessandro Ricci and Andrei Ciortea and Samuele Burattini},
  title     = {Extending {CArtAgO} to support the engineering of complex distributed environments at the Knowledge Level},
  year      = {2025},
  booktitle = {Multi-Agent Systems - 22nd European Conference, {EUMAS} 2025, Bucarest,
               Romania, September 3-5, 2025, Proceedings},
  series    = {Lecture Notes in Computer Science},
  url       = {https://euramas.github.io/eumas2025/#EMAS%201},
  note      = {\textit{Accepted}}
}

@unpublished{beaumont2025explain,
  author    = {Katharine Beaumont and Elena Yan and Samuele Burattini and Rem W. Collier},
  title     = {Agent Toolkits: Towards Explainable Agency in {ASTRA}},
  year      = {2025},
  booktitle = {Multi-Agent Systems - 22nd European Conference, {EUMAS} 2025, Bucarest,
               Romania, September 3-5, 2025, Proceedings},
  series    = {Lecture Notes in Computer Science},
  url       = {https://euramas.github.io/eumas2025/#EMAS%201},
  note      = {\textit{Accepted}}
}


@unpublished{burattini2025gap,
  author    = {Samuele Burattini and Martina Baiardi and Giovanni Ciatto and Danilo Pianini},
  title     = {The Gap Between {BDI} Agents and Semantic Hypermedia and What We Can Do About It},
  year      = {2025},
  booktitle = {2nd Workshop on Hypermedia Multi-Agent Systems, {HyperAgents} 2025, Bologna,
               Italy, October 26th, 2025, Proceedings},
  series    = {{CEUR} Workshop Proceedings},
  url       = {https://ecai2025.hyperagents.org/papers/},
  note      = {\textit{Accepted}}
}

@unpublished{baiardi2025jaktasim,
  author  = {Martina Baiardi and Samuele Burattini and Giovanni Ciatto and Danilo Pianini},
  title   = {Using Discrete Event Simulation to Test BDI Systems Before Deployment },
  journal = {Auton. Agents Multi Agent Syst.},
  year    = {\textit{Submitted}},
  note    = {\textit{In Revision}}
}