@book{world2025health,
  title={World health statistics 2025: monitoring health for the SDGs, Sustainable Development Goals},
  author={World Health Organization},
  year={2025},
  publisher={World Health Organization}
}


@report{un_sdg_report_2025,
  author       = {{United Nations Statistics Division}},
  title        = {The Sustainable Development Goals Report 2025},
  year         = {2025},
  month        = jul,
  day          = {14},
  institution  = {United Nations},
  address      = {New York},
  url          = {https://unstats.un.org/sdgs/report/2025},
  note         = {Accessed: 2025-08-08}
}
